% subor .bib k proj4.tex
% Erik Belko xbelko02

% elektronicky dokument (online)
@Misc{Wiki:Typografie,
	author = {Wikipedie},
	title = {Typografie},
	howpublished = {[online]},
	year = {2019},
	note = {[vid. 2020-04-09]},
	url = {https://cs.wikipedia.org/w/index.php?title=Typografie&oldid=17969568},
}

% elektronicky dokument (online)
@Misc{Olsak,
    author = {Olšák, P},
    title = {Typografie, co to je?},
    howpublished = {[online]},
    revised = {2014-02-11},
    pages = {2},
    note = {[vid. 2020-04-09]},
    url = {http://petr.olsak.net/typo/typoslidy-v2.pdf},
}

%monografie (cizojazycna)
@Book{Lupton,
    author = {Lupton, E.},
    title = {Thinking with Type},
    publisher = {Princeton Architectural Press},
    year = {2010},
    edition = {2},
    address = {New York},
    isbn = {978--1--56898--969--3},
}

%monografie
@Book{Rybicka,
    author = {Rybička, Jiří},
    title = {{\LaTeX} pro začátečníky},
    publisher = {Konvoj},
    year = {2003},
    edition = {3},
    address = {Brno},
    isbn = {80--7302--049--1},
}

%clanok v serialovej publikacii
@Article{FullCircle,
    author = {Ronnie Tucker},
    title = {Full Circle ISSUE \#95},
	journal = {Full Circle},
	pages = {22},
	month = {March},
	year = {2015},
	url = {http://dl.fullcirclemagazine.org/issue95_en.pdf},
}

% elektronicky dokument (online)
@Misc{programujte,
	author = {Martin Šimeček},
	title = {{\LaTeX} 1.\,--\,Co to je a~proč se ho chtít učit?},
	howpublished = {[online]},
	year = {rev. 21. srpen 2013},
	note = {[vid. 2020-04-10]},
	url = {http://programujte.com/clanek/2013080500},
}

%serialova publikacia
@Proceedings{cstug,
	editor = {Jiří Veselý},
	title = {ZPRAVODAJ Československého sdružení uživatelů {\TeX}u},
	series = {2}, 
	publisher = {Zpravodaj Československého sdružení uživatelů {\TeX}u},
	address = {Praha},
	year = {1993},
	url = {https://www.cstug.cz/bulletin/pdf/bul932.pdf},
}

%bakalarska praca
@MastersThesis{Jirasek,
    author = {Jirásek, M.},
    title = {Možnosti a~limity webové typografie},
    school = {Masarykova univerzita},
    address = {Brno},
    year = {2015},
    type = {Bakalářská práce},
}

%bakalarska praca
@MastersThesis{Kocur,
    author = {David Kocur},
    title = {Typografie a~sazba odborných dokumentů v {\XeTeX}},
    school = {Jihočeská univerzita v~Českých Budějovicích},
    address = {České Budějovice},
    year = {2016},
    type = {Bakalářská práce},
}

%clanok v serialovej publikacii
@Article{rootcz,
    author = {Michal Švamberg},
    title = {Jak na {\LaTeX}},
    journal = {Root.cz},
    year = {2001/2003},
    howpublished = {[online]},
    note = {[vid. 2020-04-11]},
    url	= {http://www.root.cz/serialy/jak-na-latex/},
}